<?xml version="1.0" encoding="UTF-8"?><collection xmlns="http://www.loc.gov/MARC21/slim"><record><leader>00561nam--2200205-i-4500</leader><controlfield tag="001">000017406</controlfield><controlfield tag="002">20161230</controlfield><controlfield tag="005">20161230201032</controlfield><controlfield tag="008">060222s1000------------r-----000-0-eng-d</controlfield><datafield ind1=" " ind2=" " tag="020"><subfield code="a">0387940464</subfield></datafield><datafield ind1=" " ind2=" " tag="040"><subfield code="a">IFIN-HH</subfield></datafield><datafield ind1=" " ind2=" " tag="080"><subfield code="a">548.9</subfield></datafield><datafield ind1="1" ind2=" " tag="100"><subfield code="a">Shibaev, Valery P</subfield></datafield><datafield ind1="1" ind2="0" tag="245"><subfield code="a">Liquid crystalline mesomorphic polymers</subfield><subfield code="c">Valery p. shibaev; lui lam (eds.)</subfield></datafield><datafield ind1=" " ind2=" " tag="260"><subfield code="a">New York</subfield><subfield code="b">Springer-verlag</subfield><subfield code="c">1994</subfield></datafield><datafield ind1=" " ind2=" " tag="300"><subfield code="a">XIV + 361 P</subfield></datafield><datafield ind1=" " ind2=" " tag="490"><subfield code="a">Partially Ordered Systems</subfield></datafield><datafield ind1=" " ind2=" " tag="700"><subfield code="a">Lam, Lui</subfield><subfield code="e">Ed</subfield></datafield><datafield ind1=" " ind2=" " tag="852"><subfield code="a">80934</subfield><subfield code="c">548.9</subfield></datafield><datafield ind1=" " ind2=" " tag="CAT"><subfield code="a">Sys</subfield><subfield code="c">20110407</subfield><subfield code="h">101423</subfield></datafield></record></collection>